<?xml version="1.0" encoding="UTF-8"?><collection xmlns="http://www.loc.gov/MARC21/slim"><record><leader>00386nam--2200145-i-4500</leader><controlfield tag="001">000006157</controlfield><controlfield tag="002">20161230</controlfield><controlfield tag="005">20161230201026</controlfield><controlfield tag="008">060222s1000------------r-----000-0-eng-d</controlfield><datafield ind1=" " ind2=" " tag="080"><subfield code="a">541.15:541.64</subfield></datafield><datafield ind1=" " ind2=" " tag="100"><subfield code="a">Chapiro,Adolphe</subfield></datafield><datafield ind1=" " ind2=" " tag="245"><subfield code="a">Radiation chemistry of polymeric systems</subfield></datafield><datafield ind1=" " ind2=" " tag="260"><subfield code="a">New York,Interscience Publishers,1962. Xvi + 712p</subfield></datafield><datafield ind1=" " ind2=" " tag="490"><subfield code="a">High Polymers</subfield></datafield><datafield ind1=" " ind2=" " tag="852"><subfield code="a">1228O</subfield></datafield></record></collection>